@book{BI,
  author = {Withee, Ken},
  title = {Microsoft Business Intelligence For Dummies},
  year = {2010},
  isbn = {0470526939},
  publisher = {For Dummies}
}
  
@article{artmodelagem,
	author = {Dash, Ashiss Kumar and Agarwal, Rakesh},
	title = {Dimensional Modeling for a Data Warehouse},
	year = {2001},
	issue_date = {November 2001},
    publisher = {Association for Computing Machinery},
    address = {New York, NY, USA},
    volume = {26},
    number = {6},
    issn = {0163-5948},
    url = {https://doi.org/10.1145/505532.505556},
    doi = {10.1145/505532.505556},
    journal = {SIGSOFT Softw. Eng. Notes},
    month = nov,
    pages = {83â€“84},
    numpages = {2}
}

@online{metabaseeevguide,
    author = "Metabase",
    title = "Guia do Desenvolvedor",
    url  = "https://www.metabase.com/docs/latest/developers-guide.html",
    addendum = "(accessed: 06.05.2020)"
}

